@article{ABCD25,
author = {Raphael Auer and Rainer Böhme and Jeremy Clark and Didem Demirag},
year = {2025},
month = {01},
pages = {23},
title = {Privacy-enhancing technologies for digital payments: mapping the landscape},
journal = {URL: https://www.bis.org/publ/work1242.pdf}
}

@article{AHIV22,
author = {Scott Ames and Carmit Hazay and Yuval Ishai and Muthuramakrishnan Venkitasubramaniam},
title = {Ligero: Lightweight Sublinear Arguments Without a Trusted Setup},
howpublished = {Cryptology {ePrint} Archive, Paper 2022/1608},
year = {2022},
doi = {10.1145/3133956},
url = {https://eprint.iacr.org/2022/1608},
journal = {URL: https://eprint.iacr.org/2022/1608}
}

@article{ASM06,
author="Ay, Man Ho and Susilo, Willy and Mu, Yi",
title="Constant-Size Dynamic k-TAA",
year="2008",
journal= {URL: https://eprint.iacr.org/2008/136.pdf},
}

@inproceedings{BBD18,
  title={Bulletproofs: Short proofs for confidential transactions and more},
  author={Bunz, Benedikt and Bootle, Jonathan and Boneh, Dan and Poelstra, Andrew and Wuille, Pieter and Maxwell, Gregory},
  booktitle={2018 IEEE Symposium on Security and Privacy (SP)},
  pages={315--334},
  year={2018},
  organization={IEEE}
}


@article{BCG18,
  title={Scalable, transparent, and post-quantum secure computational integrity},
  author={Ben-Sasson, Eli and Chiesa, Alessandro and Genkin, Daniel and Tromer, Eran and Virza, Madars},
  journal={IACR Cryptol. ePrint Arch.},
  volume={2018},
  pages={279},
  year={2018}
}

@article{BDLSY11,
author = {Daniel J.  Bernstein and Niels Duif and Tanja Lange and Peter Schwabe and Bo-Yin Yang},
title = {High-speed high-security signatures},
howpublished = {Cryptology {ePrint} Archive, Paper 2011/368},
year = {2011},
journal = {URL: https://eprint.iacr.org/2011/368}
}

@article{BLS01,
author = {Dan Boneh and Ben Lynn and Hovav Shacham},
title = {Short signatures from the Weil pairing},
journal = {Advances in Cryptology --- ASIACRYPT 2001} ,
year =  {2001}
}

@misc{BBS04,
author = {Dan Boneh and Xavier Boyen and Hovav Shacham},
title = {Short Group Signatures},
howpublished = {Cryptology {ePrint} Archive, Paper 2004/174},
year = {2004},
url = {https://eprint.iacr.org/2004/174}
}


@article{BGEID24,
author = {Bundesversammlung der Schweizerischen Eidgenossenschaft},
year = {2024},
month = {12},
pages = {16},
title = {Bundesgesetz über den elektronischen Identitätsnachweis und andere elektronische Nachweise (E-ID-Gesetz, BGEID)},
journal = {URL: https://www.fedlex.admin.ch/eli/fga/2025/20/de}
}

@inproceedings{CL02,
author = {Camenisch, Jan and Lysyanskaya, Anna},
title = {A signature scheme with efficient protocols},
year = {2002},
isbn = {3540004203},
publisher = {Springer-Verlag},
booktitle = {Proceedings of the 3rd International Conference on Security in Communication Networks},
pages = {268–289},
numpages = {22},
series = {SCN'02}
}

@article{DH76,
  title={New Directions in Cryptography},
  author={Diffie, Whitfield and Hellman, Martin E.},
  journal={IEEE Transactions on Information Theory},
  volume={22},
  number={6},
  pages={644--654},
  year={1976},
  month={Nov},
  doi={10.1109/TIT.1976.1055638}
}

@article{E85,
  author = {Taher ElGamal},
  title = {A Public-Key Cryptosystem and a Signature Scheme Based on Discrete Logarithms},
  journal = {IEEE Transactions on Information Theory},
  volume = {31},
  number = {4},
  pages = {469--472},
  year = {1985},
  doi = {10.1109/TIT.1985.1057074},
  url = {https://caislab.kaist.ac.kr/lecture/2010/spring/cs548/basic/B02.pdf}
}

@article{FFL25,
  author    = {Francis Fontaine and Benoît Libert and Rafel L{\'o}pez and Markulf Kohlweiss and Aniket Kate},
  title     = {Crescent: Stronger Privacy for Existing Credentials},
  journal   = {IACR Cryptol. ePrint Arch.},
  volume    = {2024},
  number    = {2013},
  year      = {2025},
  url       = {https://eprint.iacr.org/2024/2013.pdf},
  note      = {Preprint}
}

@article{FS24,
author = {Matteo Frigo and abhi shelat},
title = {Anonymous credentials from {ECDSA}},
howpublished = {Cryptology {ePrint} Archive, Paper 2024/2010},
year = {2024},
url = {https://eprint.iacr.org/2024/2010},
journal = {URL: https://eprint.iacr.org/2024/2010}
}

@inproceedings{G16,
  title={On the size of pairing-based non-interactive arguments},
  author={Groth, Jens},
  booktitle={Annual International Conference on the Theory and Applications of Cryptographic Techniques (EUROCRYPT)},
  pages={305--326},
  year={2016},
  organization={Springer}
}

@article{GKRRS21,
author = {Lorenzo Grassi and Dmitry Khovratovich and Christian Rechberger and Arnab Roy and Markus Schofnegger},
year = {2021},
month = {08},
pages = {519-535},
title = {POSEIDON: A New Hash Function for Zero-Knowledge Proof Systems},
journal = {30th USENIX Security Symposium (USENIX Security 21)}
}

@article{GWC90,
  title={PLONK: Permutations over Lagrange-bases for Oecumenical Noninteractive arguments of knowledge},
  author={Gabizon, Ariel and Williamson, Zachary and Ciobotaru, Oana},
  journal={Cryptology ePrint Archive, Report 2019/953},
  year={2019}
}

@article{LCF92,
author = {Lund, Carsten and Fortnow, Lance and Karloff, Howard and Nisan, Noam},
title = {Algebraic methods for interactive proof systems},
year = {1992},
publisher = {Association for Computing Machinery},
issn = {0004-5411},
url = {https://doi.org/10.1145/146585.146605},
doi = {10.1145/146585.146605},
journal = {J. ACM},
month = oct,
pages = {859–868},
numpages = {10},
}

@article{MW22,
  author    = {Samir Jordan Menon and David J. Wu},
  title     = {SPIRAL: Fast, High-Rate Single-Server PIR via FHE Composition},
  journal   = {IACR Cryptol. ePrint Arch.},
  volume    = {2022},
  number    = {368},
  year      = {2022},
  url       = {https://eprint.iacr.org/2022/368.pdf},
  note      = {Preprint}
}

@phdthesis{PD91,
  title={Non-Interactive and Information-Theoretic Secure Verifiable Secret Sharing},
  author={Pedersen, Torben P.},
  year={1991},
  school={University of Aarhus}
}

% I had to mbox the link or the hyphen in the domain name gets interpreted as mid-word line break.
@article{ph10,
author = {Pfitzmann, A and Hansen, Marit},
year = {2010},
month = {January},
pages = {},
title = {A terminology for talking about privacy by data minimization: Anonymity, Unlinkability, Undetectability, Unobservability, Pseudonymity, and Identity Management},
volume = {34},
journal = {\mbox{http://dud.inf.tu-dresden.de/literatur/Anon\_Terminology\_v0.34.pdf}} 
}

@inproceedings{PHGR13,
  title={Pinocchio: Nearly practical verifiable computation},
  author={Parno, Bryan and Howell, Joshua and Gentry, Craig and Raykova, Mariana},
  booktitle={IEEE Symposium on Security and Privacy},
  pages={238--252},
  year={2013},
  organization={IEEE}
}

@article{RSA78,
  title={A method for obtaining digital signatures and public-key cryptosystems},
  author={Rivest, Ronald L and Shamir, Adi and Adleman, Leonard},
  journal={Communications of the ACM},
  volume={21},
  number={2},
  pages={120--126},
  year={1978},
  publisher={ACM},
  doi={10.1145/359340.359342},
  url={https://people.csail.mit.edu/rivest/Rsapaper.pdf}
}

@article{SP90,
  title={Efficient Signature Generation for Smart Cards},
  author={Schnorr, Claus P.},
  booktitle={Advances in Cryptology—CRYPTO'89},
  volume={435},
  pages={239--252},
  year={1990},
  publisher={Springer}
}


@article{VEID25,
author = {Der Schweizerische Bundesrat},
year = {2025},
month = {06},
pages = {83},
title = {Verordnung zum Bundesgesetz über den elektronischen Identitätsnachweis und andere elektronische Nachweise},
journal = {https://www.news.admin.ch/de/newnsb/Zd11Rg8oFylKVFf3CBqS-}
}

@techreport{apple-secure-enclaves,
  title = {Apple Platform Security - Secure Enclave},
  author = {},
  institution = {Apple Inc.},
  year = {2024},
  url = {https://support.apple.com/guide/security/secure-enclave-sec59b0b31ff/web}
}

@techreport{arm-trustzone,
  title = {TrustZone for AArch64},
  author = {},
  institution = {Arm Ltd.},
  year = {2024},
  url = {https://developer.arm.com/documentation/102418/0101},
  note = {Accessed: 2025-08-29}
}


@techreport{RFC7539,
  title = {ChaCha20 and Poly1305 for IETF Protocols},
  author = {Nir, Y. and Langley, A.},
  institution = {Internet Engineering Task Force (IETF)},
  type = {RFC},
  number = {7539},
  year = {2015},
  month = may,
  url = {https://datatracker.ietf.org/doc/html/rfc7539}
}

@techreport{EUDI-ARF,
  author = {{eu-digital-identity-wallet contributors}},
  title = {eudi-doc-architecture-and-reference-framework: The European Digital Identity Wallet},
  year = {2025},
  url = {https://github.com/eu-digital-identity-wallet/eudi-doc-architecture-and-reference-framework},
  note = {Accessed: 2025-08-26},
  institution = {European Commission}
}

@techreport{ISO18013-5_2021,
  author       = {International Organization for Standardization and International Electrotechnical Commission},
  title        = {Personal Identification — ISO-compliant Driving Licence — Part 5: Mobile Driving Licence (mDL) Application},
  institution  = {ISO/IEC},
  type         = {Standard},
  number       = {ISO/IEC 18013-5:2021},
  year         = {2021},
  url          = {https://www.iso.org/standard/69084.html},
  note         = {Accessed: 2025-08-25}
}

@techreport{FIPS202,
  title={SHA-3 Standard: Permutation-Based Hash and Extendable-Output Functions},
  author={National Institute of Standards and Technology (NIST)},
  institution = {U.S. Department of Commerce, National Institute of Standards and Technology},
  number={FIPS PUB 202},
  year={2015},
  url={https://nvlpubs.nist.gov/nistpubs/FIPS/NIST.FIPS.202.pdf}
}

@techreport{FIPS180-4,
  author={National Institute of Standards and Technology (NIST)},
  title = {Secure Hash Standard (SHS)},
  institution = {U.S. Department of Commerce, National Institute of Standards and Technology},
  year = 2015,
  url = {https://nvlpubs.nist.gov/nistpubs/FIPS/NIST.FIPS.180-4.pdf}
}

@techreport{NIST2001AES,
  title = {Federal Information Processing Standards Publication 197: Advanced Encryption Standard (AES)},
  author = {{National Institute of Standards and Technology (NIST)}},
  institution = {U.S. Department of Commerce, National Institute of Standards and Technology},
  year = {2001},
  month = nov,
  number = {FIPS PUB 197},
  url = {https://nvlpubs.nist.gov/nistpubs/fips/nist.fips.197.pdf}
}

@techreport{NIST186-5,
  author       = {{National Institute of Standards and Technology}},
  title        = {Digital Signature Standard (DSS) (FIPS 186-5)},
  institution  = {National Institute of Standards and Technology},
  year         = {2023},
  type         = {Federal Information Processing Standard},
  number       = {186-5},
  url          = {https://csrc.nist.gov/pubs/fips/186-5/final}
}

@techreport{SDJWT,
  author       = {Web Authorization Protocol Workgroup, O. Terbu and D. Fett and B. Campbell},
  title        = {SD-JWT-based Verifiable Credentials (SD-JWT VC)},
  institution  = {IETF},
  number       = {},
  year         = {2025},
  url          = {https://www.ietf.org/archive/id/draft-ietf-oauth-sd-jwt-vc-10.html},
  note         = {Accessed: 2025-08-25}
}

@techreport{Swiyu,
    author = {Swiss Confederation},
    year = {2024},
    institution = {Swiss Confederation},
    title = {Swiyu},
    url = {https://swiyu-admin-ch.github.io}
}

@techreport{trusty,
    author = {},
    title = { Trusty TEE } ,
    institution = { Google Inc. },
    year = {2025},
    url = { https://source.android.com/docs/security/features/trusty }
}

@techreport{zkattest-rs,
author = {Patrick Amrein},
title = {BBS Device Binding using conventional P256 Signature},
institution = {Ubique},
year = {2025},
url = {https://github.com/UbiqueInnovation/zkattest-rs},
note = {Accessed: 2025-08-29}
}

@techreport{TSL,
  author       = {Web Authorization Protocol Workgroup, T. Looker and P. Bastian and C. Bormann},
  title        = {Token Status List (TSL)},
  institution  = {IETF},
  number       = {},
  year         = {2025},
  url          = {https://www.ietf.org/archive/id/draft-ietf-oauth-status-list-12.html},
  note         = {Accessed: 2025-08-26}
}

@techreport{W3C-status-lists,
  author       = {Dave Longley and Manu Sporny and Orie Steele},
  title        = {Bitstring Status List v1.0},
  institution  = {World Wide Web Consortium (W3C)},
  number       = {},
  year         = {2025},
  url          = {https://www.w3.org/TR/vc-bitstring-status-list/},
  note         = {Accessed: 2025-08-26}
}

@mastersthesis{Egger25,
    author = {Fabrice Egger},
    title = {Security Analysis of the Swiss e-ID \& Trust Infrastructure},
    school = {EPFL},
    year = {2025},
    url = {https://github.com/user-attachments/files/21157739/Security_Analysis_of_the_Swiss_e_ID___Trust_Infrastructure.pdf}
}

@book{Shostack14,
    author = {Adam Shostack},
    title = {Threat modeling: Designing for security},
    publisher = {John wiley \& sons},
    year = {2014}
}

@book{HL06,
    author = {Michael Howard and Steve Lipner},
    title = {The security development lifecycle},
    publisher = {Microsoft Press},
    year = {2006}
}

@techreport{BBC24,
    author = {Carsten Baum, Olivier Blazy, Jan Camenisch, Jaap-Henk Hoepman, Eysa Lee, Anja Lehmann,
Anna Lysyanskaya, René Mayrhofer, Hart Montgomery, Ngoc Khanh Nguyen, et al.},
    title = {Cryptog-
raphers’ Feedback on the EU Digital Identity’s ARF},
    institution = {github},
    url = {https://github.com/user-attachments/files/15904122/cryptographers-feedback.pdf},
    year = {2024}
}

@article{MRH25,
    author = {René Mayrhofer, Michael Roland, Tobias Höller, Philipp Hofer, Mario Lins},
    title = {An Architecture for Distributed Digital Identities in the Physical World
},
    journal = {TOPS},
    year = {2025}
}

@techreport{TorAttack,
    author = {Wikipedia},
    title = {Tor - Attacks and limitations},
    institution = {Wikipedia},
    url = {https://en.wikipedia.org/wiki/Tor_(network)#Attacks_and_limitations},
    year = {2025}
}

@techreport{TelegramArrest,
    author = {Wikipedia},
    title = {Arrest and indictment of Pavel Durov},
    institution = {Wikipedia},
    url = {https://en.wikipedia.org/wiki/Arrest_and_indictment_of_Pavel_Durov},
    year = {2025}
}

@techreport{ProtonLogging,
    author = {Jim Salter},
    title = {ProtonMail removed “we do not keep any IP logs” from its privacy policy
},
    institution = {ArsTechnica},
    url = {https://arstechnica.com/information-technology/2021/09/privacy-focused-protonmail-provided-a-users-ip-address-to-authorities/},
    year = {2021}
}

@techreport{AppleSanBernardino,
    author = {Wikipedia},
    title = {Apple–FBI encryption dispute},
    institution = {Wikipedia},
    url = {https://en.wikipedia.org/wiki/Apple%E2%80%93FBI_encryption_dispute},
    year = {2025}
}

@techreport{IC3-24,
    author = {Internet Crime Complaint Center},
    title = {FBI Internet Crime Report},
    institution = {IC3},
    year = {2024}
}

@article{Meurs24,
title = {Deception in double extortion ransomware attacks: An analysis of profitability and credibility},
journal = {Computers \& Security},
volume = {138},
pages = {103670},
year = {2024},
issn = {0167-4048},
doi = {https://doi.org/10.1016/j.cose.2023.103670},
url = {https://www.sciencedirect.com/science/article/pii/S0167404823005801},
author = {Tom Meurs and Edward Cartwright and Anna Cartwright and Marianne Junger and Abhishta Abhishta},
keywords = {Ransomware, Data exfiltration, Signaling game, Game theory, Information asymmetry, Cybercrime},
}

@techreport{Tea25,
    author = {Apnews},
    title = {The Tea app was intended to help women date safely. Then it got hacked},
    institution = {AP},
    year = {2025},
    url = {https://apnews.com/article/tea-app-data-breach-leak-4chan-c95d5bb2cabe9d1b8ec0ca8903503b29},
}

@techreport{BankID25,
    author = {Sweden},
    title = {Developers Documentation},
    institution = {Finansiell ID-Teknik BID AB},
    year = {2025},
    url = {https://developers.bankid.com/getting-started/introduction},
}

@techreport{Troncoso20,
    author = {House of Switzerland},
    title = {SwissCovid Keeps Your Secrets},
    institution = {Federal Department of Foreign Affairs FDFA},
    year = {2020},
    url = {https://houseofswitzerland.org/swissstories/science-education/swisscovid-keeps-your-secrets},
}

@techreport{DigiGesMassen24,
    author = {Christoph Schmid},
    title = {Ende der Massenüberwachung: Digitale Gesellschaft fordert «Quick Freeze» statt Vorratsdatenspeicherung},
    institution = {Digitale Gesellschaft},
    year = {2024},
    url = {https://www.digitale-gesellschaft.ch/2024/12/11/ende-der-massenueberwachung-digitale-gesellschaft-fordert-quick-freeze-statt-vorratsdatenspeicherung-positionspapier-der-digitalen-gesellschaft/}
}

@inproceedings {BARW16,
    author = {Muhammad Ahmad Bashir, Sajjad Arshad, William Robertson, Christo Wilson},
    title = {Tracing Information Flows Between Ad Exchanges Using Retargeted Ads},
    booktitle = {25th USENIX Security Symposium (USENIX Security 16)},
    year = {2016},
    isbn = {978-1-931971-32-4},
    pages = {481--496},
    url = {https://www.usenix.org/conference/usenixsecurity16/technical-sessions/presentation/bashir},
    publisher = {USENIX Association},
}

@techreport{KlarUniverse22,
    author = {Erica Klarreich},
    title = {Which Computational Universe Do We Live In?},
    institution = {QuantaMagazine},
    year = {2022},
    url = {https://www.quantamagazine.org/which-computational-universe-do-we-live-in-20220418}
}

@techreport{TaurusQuantum23,
    author = {Taurus},
    title = {Quantum doomsday planning (1/2):  Risk assessment \& quantum attacks},
    institution = {Taurus},
    year = {2023},
    url = {https://www.taurushq.com/blog/quantum-doomsday-planning-1-2-doing-your-risk-assessment-and-the-real-cost-of-quantum-attacks/},
}

@techreport{SchneierLaw11,
    author = {Bruce Schneier},
    title = {Schneier's Law},
    institution = {Bruce Schneier},
    year = {2011},
    url = {https://www.schneier.com/blog/archives/2011/04/schneiers_law.html}
}

@article{Vaudenay02,
    author = {Serge Vaudenay},
    title = {Security Flaws Induced by CBC Padding Applications to SSL, IPSEC, WTLS...},
    journal = {Eurocrypt},
    year = {2002},
    url = {https://www.iacr.org/archive/eurocrypt2002/23320530/cbc02_e02d.pdf}
}

@techreport{DualEC,
    author = {Wikipedia},
    title = {Dual\_EC\_DRBG},
    institution = {Wikiepdia},
    year = {2025},
    url = {https://en.wikipedia.org/wiki/Dual\_EC\_DRBG}
}

@techreport{Salsa20,
    author = {Wikipedia},
    title = {Salsa 20},
    institution = {Wikipedia},
    year = {2025},
    url = {https://en.wikipedia.org/wiki/Salsa20}
}

@techreport{HeartbleedXKCD,
    author = {Randal Monroe},
    title = {Heartbleed Explanation},
    institution = {XKCD},
    year = {2014},
    url = {https://xkcd.com/1354/}
}

@techreport{GithubPrivate23,
    author = {Dwayne McDaniel},
    title = {GitHub Exposed A Private SSH Key: What You Need To Know},
    institution = {GitGuardian},
    year = {2023},
    url = {https://blog.gitguardian.com/github-exposed-private-ssh-key}
}

@article{BB03,
    author = {David Brumley, Dan Boneh},
    title = {Remote Timing Attacks are Practical},
    journal = {Usenix},
    year = {2003},
    url = {https://www.usenix.org/conference/12th-usenix-security-symposium/remote-timing-attacks-are-practical}
}

@techreport{Log4Shell21,
    author = {Matthew McWhirt, John Hultquist},
    title = {Log4Shell Initial Exploitation and Mitigation Recommendations},
    institution = {Google},
    year = {2021},
    url = {https://cloud.google.com/blog/topics/threat-intelligence/log4shell-recommendations}
}

@techreport{SchneierBackdoor25,
    author = {Bruce Schneier},
    title = {New VPN Backdoor},
    institution = {Schneier on Security},
    year = {2025},
    url = {https://www.schneier.com/blog/archives/2025/01/new-vpn-backdoor.html}
}

@techreport{EUTreaties,
    author = {EU},
    title = {EU Treaties},
    institution = {EU},
    year = {2025},
    url = {https://eur-lex.europa.eu/collection/eu-law/treaties/treaties-force.html}
}

@techreport{SwissConstitution,
    author = {Switzerland},
    title = {The Swiss Constitution},
    institution = {Switzerland},
    year = {1999},
    url = {https://www.fedlex.admin.ch/eli/cc/1999/404/en}
}

@techreport{EIDAS,
    author = {EU},
    title = {eIDAS Regulation},
    institution = {EU},
    year = {2014},
    url = {https://digital-strategy.ec.europa.eu/en/policies/eidas-regulation}
}

@techreport{EUDI,
    author = {EU},
    title = {European Digital Identity (EUDI) Regulation},
    institution = {EU},
    year = {2024},
    url = {https://digital-strategy.ec.europa.eu/en/policies/eudi-regulation}
}

@techreport{CHeID21,
    author = {Switzerland},
    title = {Identité électronique : la loi sur l’e-ID},
    institution = {Swiss Government},
    year = {2021},
    url = {https://www.ejpd.admin.ch/ejpd/fr/home/themes/abstimmungen/bgeid.html}
}

@techreport{SwiyuAct25,
    author = {Swiss Government},
    title = {Identité électronique (e-ID) – nouvelle loi sur l’e-ID},
    institution = {Swiss Government},
    year = {2025},
    url = {https://www.ejpd.admin.ch/ejpd/fr/home/themes/abstimmungen/e-id.html}
}

@techreport{EUDIReg24,
    author = {EU},
    title = {Implementing regulation for European Digital Identity Wallets},
    institution = {EU},
    year = {2024},
    url = {https://digital-strategy.ec.europa.eu/en/library/implementing-regulation-european-digital-identity-wallets}
}

@techreport{EUARF25,
    author = {EU},
    title = {European Digital Identity Wallet},
    institution = {EU},
    year = {2025},
    url = {https://eu-digital-identity-wallet.github.io/eudi-doc-architecture-and-reference-framework/2.4.0/}
}

@techreport{SwiyuOrdinance25,
    author = {Swiss Government},
    title = {e-ID: Federal Council opens consultation on ordinance},
    institution = {Swiss Government},
    year = {2025},
    url = {https://www.news.admin.ch/en/newnsb/Zd11Rg8oFylKVFf3CBqS-}
}

@techreport{SwiyuGithub,
    author = {Swiss Government},
    title = {swiyu - the Swiss Trust Infrastructure ecosystem},
    institution = {Swiss Government},
    year = {2025},
    url = {https://github.com/swiyu-admin-ch}
}

@techreport{SwisscovidGithub,
    author = {Swiss Government},
    title = {SwissCovid},
    institution = {Swiss Government},
    year = {2020},
    url = {https://github.com/SwissCovid}
}

% article - for peer-reviewed article
% book - well, books
% masterthesis - Fabrice's article
% techreport - white papers, URLs, wikipedia
%
% PRO-TIPP: Autocomplete adds the mandatory fields!